%------------------------------------
% PCA 1
@online{BK23,
  author = {Burdick, K.},
  title = {Gunpowder Industry},
  year = {2023},
  howpublished = {Retrieved from \url{https://philadelphiaencyclopedia.org/essays/gunpowder-industry/}}
}

@online{MA03,
  author = {Munroe, J. A.},
  title = {Colonial Delaware},
  year = {2003},
  howpublished = {Retrieved from \url{https://archivesfiles.delaware.gov/ebooks/Colonial_Delaware.pdf}}
}

@online{BID,
  author = {Britannica},
  title = {Economy of Idaho},
  year = {n.d.},
  howpublished = {Retrieved from \url{https://www.britannica.com/place/Idaho/Government-and-society}}
}

@online{GID,
  author = {GetHealthy Idaho},
  title = {Overview of Idaho},
  year = {n.d.},
  url = {https://www.gethealthy.dhw.idaho.gov/overview-of-idaho},
}

@online{SJ17,
  author = {Skates, John Ray},
  title = {World War II},
  year = {2017},
  month = {July 11},
  howpublished = {Mississippi Encyclopedia},
  publisher = {Center for Study of Southern Culture},
  url = {http://mississippiencyclopedia.org/entries/world-war-ii/},
  urldate = {2023-09-21},
  note = {Date of Last Update: April 15, 2018}
}

@online{FWW2,
  title = {Florida During World War II},
  howpublished = {Florida Memory},
  url = {https://www.floridamemory.com/learn/classroom/learning-units/wwii/#producing},
  urldate = {2023-09-21}
}

%------------------------------------
% PCA 2
@online{UDL09,
  author = {{U.S. Department of Labor}},
  title = {Maryland Job Market Update 2010},
  year = {2009},
  howpublished = {U.S. Department of Labor},
  url = {https://www.doleta.gov/programs/2009reportsandplans/economic_analysis_reports/md-jobmarket.pdf}
}

@online{TJ23,
  author = {Tanner, J.},
  title = {Goldman Sachs report says 4 cities likely to see a 2008-style housing crash},
  year = {2023},
  month = {January 27},
  howpublished = {The Hill},
  url = {https://thehill.com/homenews/3832410-goldman-sachs-says-4-cities-likely-to-see-a-2008-style-housing-crash-report/}
}

@online{CR16,
  author = {Chetty, R.},
  title = {The Failures of Southern Universities},
  year = {2016},
  month = {August 24},
  howpublished = {The Atlantic},
  url = {https://www.theatlantic.com/education/archive/2016/08/the-failures-of-southern-universities/497102/}
}

@online{AJ19,
  author = {Andrews, Jeff},
  title = {NYC Home Values in the 2010s: Manhattan Apartments Rose the Most},
  year = {2019},
  month = {December 13},
  howpublished = {Curbed New York},
  url = {https://ny.curbed.com/2019/12/13/21009872/nyc-home-value-2010s-manhattan-apartments}
}