% INTRO
@article{FF10,
author = {Frank A. Farris},
title = {The Gini Index and Measures of Inequality},
journal = {The American Mathematical Monthly},
volume = {117},
number = {10},
pages = {851-864},
year = {2010},
publisher = {Taylor & Francis},
doi = {10.4169/000298910X523344},
URL = {https://www.tandfonline.com/doi/abs/10.4169/000298910X523344},
eprint = {https://www.tandfonline.com/doi/pdf/10.4169/000298910X523344}
}

@misc{USC21,
  author = {U.S. Census Bureau},
  title = {Gini Index},
  howpublished = {Website},
  year = {2021},
  url = {https://www.census.gov/topics/income-poverty/income-inequality/about/metrics/gini-index.html}
}

@ELECTRONIC{Update1715,
  title = {Update on Other Measures of Income Inequality (Atkinson Index, Gini Coefficient, Relative Mean Deviation, Theil Index), 1917-2015},
  author = {Farris, Frank A.},
  language = {English},
  howpublished = {\url=https://www.shsu.edu/eco_mwf/inequality.html},
  doi = {},
  year = {2015},
}

%------------------------------------
% ASSUMPTION 

@online{USS67,
  author = {U.S. Department of State},
  title = {Purchase of Alaska, 1867},
  year = {n.d.},
  url = {https://history.state.gov/milestones/1866-1898/alaska-purchase}
}

@online{SH23,
  author = {Swenson, J. Patricia Morgan and Heckathorn, John and Motteler, Lee S.},
  title = {Hawaii},
  year = {2023},
  month = {September 18},
  howpublished = {Encyclopedia Britannica},
  url = {https://www.britannica.com/place/Hawaii-state}
}


%------------------------------------
% PCA 1
@misc{pellsromer2023,
  author = {Pells, R. H. and Romer, C. D.},
  year = {2023},
  title = {Great Depression},
  howpublished = {Encyclopedia Britannica},
  url = {https://www.britannica.com/money/topic/Great-Depression},
}

@online{waiwood2013,
  author = {Waiwood, P.},
  year = {2013},
  title = {Recession of 1937–38},
  organization = {Federal Reserve History},
  url = {https://www.federalreservehistory.org/essays/recession-of-1937-38},
}

@misc{duignan2018,
  author = {Duignan, B.},
  year = {2018},
  title = {Causes of the Great Depression},
  howpublished = {Encyclopedia Britannica},
  url = {https://www.britannica.com/story/causes-of-the-great-depression},
}

@online{fishback2019,
  author = {Fishback, P.},
  year = {2019},
  title = {World War II in America: Spending, deficits, multipliers, and sacrifice},
  url = {https://cepr.org/voxeu/columns/world-war-ii-america-spending-deficits-multipliers-and-sacrifice},
}


@online{SJ17,
  author = {Skates, John Ray},
  title = {World War II},
  year = {2017},
  month = {July 11},
  howpublished = {Mississippi Encyclopedia},
  publisher = {Center for Study of Southern Culture},
  url = {http://mississippiencyclopedia.org/entries/world-war-ii/},
  urldate = {2023-09-21},
  note = {Date of Last Update: April 15, 2018}
}

@article{rowe1980,
  author = {Rowe, G. S.},
  title = {History of Delaware},
  journal = {Journal of American History},
  volume = {67},
  number = {3},
  pages = {655--656},
  year = {1980},
  doi = {10.2307/1889879}
}

@article{schmitz1983,
  author = {Schmitz, Mark and Fishback, Price V.},
  title = {The Distribution of Income in the Great Depression: Preliminary State Estimates},
  journal = {The Journal of Economic History},
  volume = {43},
  number = {1},
  pages = {217--230},
  year = {1983},
  url = {http://www.jstor.org/stable/2120285}
}

@online{BID,
  author = {Boyd A. Martin, Gregory Lewis McNamee},
  title = {Economy of Idaho},
  year = {n.d.},
  howpublished = {Britannica},
  url = {https://www.britannica.com/place/Idaho/Government-and-society}
}

@article{davis1978south,
  title={The South as “the Nation’s No. 1 Economic Problem”: the NEC Report of 1938},
  author={Davis, S.},
  journal={The Georgia Historical Quarterly},
  volume={62},
  number={2},
  pages={119--132},
  year={1978},
  URL={http://www.jstor.org/stable/40580465}
}

@article{nourse1936fundamental,
  title={Fundamental Significance of the Agricultural Adjustment Concept},
  author={Nourse, E. G.},
  journal={Journal of Farm Economics},
  volume={18},
  number={2},
  pages={244--255},
  year={1936},
  doi={10.2307/1231105},
  URL={https://doi.org/10.2307/1231105}
}


%------------------------------------
% PCA 2

@online{worldbank2023,
  author = {World Bank},
  year = {2023},
  title = {GDP growth (annual \%) - United States},
  url = {https://data.worldbank.org/indicator/NY.GDP.MKTP.KD.ZG?end=2015&locations=US&start=2007}
}

@online{worldbank2023unemployment,
  author = {World Bank},
  year = {2023},
  title = {Unemployment, total (\% of total labor force) (modeled ILO estimate) - United States},
  url = {https://data.worldbank.org/indicator/SL.UEM.TOTL.ZS?end=2015&locations=US&start=2007}
}

@online{worldbank2023inflation,
  author = {World Bank},
  year = {2023},
  title = {Inflation, consumer prices (annual \%) - United States},
  url = {https://data.worldbank.org/indicator/FP.CPI.TOTL.ZG?end=2015&locations=US&start=2007}
}

@online{cbpp2012,
  author = {CBPP},
  year = {2012},
  month = {November},
  title = {Income Inequality Has Grown in Florida},
  url = {https://www.cbpp.org/sites/default/files/atoms/files/Florida.pdf}
}

@online{usbls2010,
  author = {{U.S. Bureau of Labor Statistics}},
  year = {2010},
  month = {March},
  title = {Job Availability During a Recession: An Examination of the Number of Unemployed Persons Per Job Opening},
  organization = {U.S. Bureau of Labor Statistics},
  url = {https://www.bls.gov/opub/btn/archive/job-availability-during-a-recession-an-examination-of-the-number-of-unemployed-persons-per-job-opening.pdf}
}

@online{vuoccolo2018,
  author = {Vuoccolo, Anthony},
  year = {2018},
  month = {May 29},
  title = {Viewpoint: Delaware Income Inequality Through the Ages},
  howpublished = {Delaware Business Times},
  url = {https://delawarebusinesstimes.com/news/delaware-income-inequality/}
}


%------------------------------------
